/Users/ollie/Documents/project.bib